@article{Borman_Elder_2017, title={Q2(R1) validation of Analytical Procedures}, DOI={10.1002/9781118971147.ch5}, journal={ICH Quality Guidelines}, author={Borman, Phillip and Elder, David}, year={2017}, month={Sep}, pages={127â€“166}}